@article{gross2006hudson,
  title={Hudsonâ€™s theorem for finite-dimensional quantum systems},
  author={Gross, David},
  journal={Journal of mathematical physics},
  volume={47},
  number={12},
  year={2006},
  publisher={AIP Publishing}
}

@book{nielsen2010quantum,
  title={Quantum computation and quantum information},
  author={Nielsen, Michael A and Chuang, Isaac L},
  year={2010},
  publisher={Cambridge university press}
}

@book{watrous2018theory,
  title={The theory of quantum information},
  author={Watrous, John},
  year={2018},
  publisher={Cambridge university press}
}

@book{o2014analysis,
  title={Analysis of boolean functions},
  author={O'Donnell, Ryan},
  year={2014},
  publisher={Cambridge University Press}
}

@article{bu2023quantum,
  title={Quantum entropy and central limit theorem},
  author={Bu, Kaifeng and Gu, Weichen and Jaffe, Arthur},
  journal={Proceedings of the National Academy of Sciences},
  volume={120},
  number={25},
  pages={e2304589120},
  year={2023},
  publisher={National Acad Sciences}
}

@techreport{budiscrete,
  title={Discrete Quantum Gaussians and Central Limit Theorem},
  author={Bu, Kaifeng and Gu, Weichen and Jaffe, Arthur}
}

@book{folland1989harmonic,
  title={Harmonic analysis in phase space},
  author={Folland, Gerald B},
  number={122},
  year={1989},
  publisher={Princeton university press}
}

@article{montanaro2008quantum,
  title={Quantum boolean functions},
  author={Montanaro, Ashley and Osborne, Tobias J},
  journal={arXiv preprint arXiv:0810.2435},
  year={2008}
}

@article{nielsen2005fermionic,
  title={The Fermionic canonical commutation relations and the Jordan-Wigner transform},
  author={Nielsen, Michael A and others},
  journal={School of Physical Sciences The University of Queensland},
  volume={59},
  year={2005}
}

@book{altland2010condensed,
  title={Condensed matter field theory},
  author={Altland, Alexander and Simons, Ben D},
  year={2010},
  publisher={Cambridge university press}
}